%
%  An example of a bibliographical database for bibTeX
%
%  Recommended software for maintenance of *.bib files:
%    JabRef, http://jabref.sourceforge.net/
%
%  BEWARE:
%
%    *  If a name contains a capital letter, which must be kept such,
%       use curly brackets ({T}hailand, {HIV}).
%
%  ===========================================================================

@ARTICLE{Bojanowski2017enriching,
  title={Enriching Word Vectors with Subword Information},
  author={Bojanowski, Piotr and Grave, Edouard and Joulin, Armand and Mikolov, Tomas},
  journal={Transactions of the Association for Computational Linguistics},
  volume={5},
  year={2017},
  issn={2307-387X},
  pages={135--146}
}

@ARTICLE{Joulin2017bag,
  title={Bag of Tricks for Efficient Text Classification},
  author={Joulin, Armand and Grave, Edouard and Bojanowski, Piotr and Mikolov, Tomas},
  booktitle={Proceedings of the 15th Conference of the European Chapter of the Association for Computational Linguistics: Volume 2, Short Papers},
  month={April},
  year={2017},
  publisher={Association for Computational Linguistics},
  pages={427--431},
}

@ARTICLE{a,
  author = {},
  title = {},
  journal = {},
  year = {},
  volume = {},
  pages = {}
}

@ARTICLE{Hugh13,
  author = {McHugh, Mary L.},
  title = {The Chi-square test of independence},
  journal = {Biochemia Medica},
  year = {2013},
  volume = {23},
  number = {2},
  pages = {143 -- 149}
}

@ARTICLE{Hoq14,
  author = {Hoque, N. and Bhattacharyya, D. K.  and Kalita, J.K.},
  title = {{MIFS-ND}: A mutual information-based feature selection method},
  journal = {Expert Systems with Applications}
  year = {2014},
  volume = {41},
  issue = {14},
  pages = {6371 -- 6385}
}

@ARTICLE{GuyEli03,
  author = {Guyon, Isabelle and Elisseeff, André},
  title = {An Introduction to Variable and Feature Selection},
  journal = {Journal of Machine Learning Research},
  year = {2003},
  volume = {3},
  pages = {1157--1182}
}

@ARTICLE{Ramos03,
  author = {Ramos, Juan},
  title = {Using TF-IDF to Determine Word Relevance in Document Queries},
  year = {2003},
}

@ARTICLE{LeGo14,
  author = {Levy, Omer and Goldberg, Yoav},
  title = {Linguistic Regularities in Sparse and Explicit Word Representations},
  year = {2014}
}

% TODO - does not work
@ARTICLE{Mik13,
  author={Mikolov, Tomas and Yih, Wen-tau and Zweig, Geoffrey},
  title = {Linguistic Regularities in Continuous Space Word Representations},
  booktitle={Proceedings of the 2013 Conference of the North American Chapter of the Association for Computational Linguistics: Human Language Technologies},
  pages={746--751},
  year={2013}
}
  % TODO
@ARTICLE{SalBuc88,
  author = {Salton, Gerard and Buckley, Christopher},
  title = {Term-weighting Approaches in Automatic Text Retrieval},
  journal = {Information Processing ampersand Management},
  year = {1988},
  volume = {3},
  pages = {1157--1182}
}


% not finished
@ARTICLE{AasEik99,
  author = {Aas, Kjersti},
  title = {Text Categorisation: A Survey},
  journal = {Journal Of Multimedia},
  year = {2014},
  volume = {9},
  number = {5},
  pages = {635--643}
}

@ARTICLE{Song14,
  author = {Song, Ge and Ye, Yunming and Du, Xiaolin and Huang, Xiaohui and Bie, Shifu},
  title = {Short Text Classification: A Survey},
  journal = {Journal Of Multimedia},
  year = {2014},
  volume = {9},
  number = {5},
  pages = {635--643}
}

@BOOK{AggZhai12,
  title = {Mining Text Data},
  publisher = {Springer},
  year = {2012},
  author = {Aggarwal, Charu C. and Zhai, ChengXiang},
  address = {TODO??},
  series = {TODO??},
  isbn = {978-1-4614-3222-7}
}

%TODO
%chapter one
@BOOK{Jolliffe02,
  title = {Principal Component Analysis},
  publisher = {Springer},
  year = {2012},
  author = {iaaa},
  address = {TODO??},
  series = {TODO??},
  isbn = {978-1-4614-3222-7}
}

%TODO
@BOOK{TanBachKum08,
  title = {Introduction to Data Mining},
  publisher = {},
  year = {2012},
  author = {Tan, Pang-Ning and Steinbach, Michael and Kumar, Vipin},
  address = {TODO??},
  series = {TODO??},
  isbn = {978-1-4614-3222-7}
}
% pages= {163 -- 222} TODO




% TADY JEN na ukazu

@BOOK{Andel07,
  title = {Základy matematické statistiky},
  publisher = {Matfyzpress},
  year = {2007},
  author = {Anděl, J.},
  address = {Praha},
  series = {Druhé opravené vydání},
  isbn = {80-7378-001-1}
}

@BOOK{Andel98,
  title = {Statistické metody},
  publisher = {Matfyzpress},
  year = {1998},
  author = {Anděl, J.},
  address = {Praha},
  series = {Druhé přepracované vydání},
  isbn = {80-85863-27-8}
}

@ARTICLE{Cox72,
  author = {Cox, D. R.},
  title = {Regression models and life-tables (with {D}iscussion)},
  journal = {Journal of the Royal Statistical Society, Series B},
  year = {1972},
  volume = {34},
  pages = {187--220},
  number = {2}
}

@ARTICLE{DempsterLairdRubin77,
  author = {Dempster, A. P. and Laird, N. M. and Rubin, D. B.},
  title = {Maximum likelihood from incomplete data via the {EM} algorithm},
  journal = {Journal of the Royal Statistical Society, Series B},
  year = {1977},
  volume = {39},
  pages = {1--38},
  number = {1}
}

@ARTICLE{Genberget08,
  author = {Genberg, B. L. and Kulich, M. and Kawichai, S. and Modiba, P. and
	Chingono, A. and Kilonzo, G. P. and Richter, L. and Pettifor, A.
	and Sweat, M. and Celentano, D. D.},
  title = {{HIV} risk behaviors in Sub-{S}aharan {A}frica and {N}orthern {T}hailand:
	{B}aseline behavioral data from project {A}ccept},
  journal = {Journal of Acquired Immune Deficiency Syndrome},
  year = {2008},
  volume = {49},
  pages = {309--319}
}

@ARTICLE{KaplanMeier58,
  author = {Kaplan, E. L. and Meier, P.},
  title = {Nonparametric estimation from incomplete observations},
  journal = {Journal of the American Statistical Association},
  year = {1958},
  volume = {53},
  pages = {457--481},
  number = {282}
}

@BOOK{LehmannCasella98,
  title = {Theory of Point Estimation},
  publisher = {Springer-Verlag},
  year = {1998},
  author = {Lehmann, E. L. and Casella, G.},
  address = {New York},
  series = {{S}econd {E}dition},
  isbn = {0-387-98502-6}
}

@ARTICLE{Student08,
  author = {Student},
  title = {On the probable error of the mean},
  journal = {Biometrika},
  year = {1908},
  volume = {6},
  pages = {1-25}
}
